@BOOK{TP,
AUTHOR="Terence Parr",
TITLE="Language Implementation Patterns",
PUBLISHER="The Pragmatic Programmers, LLC",
YEAR="2010",
}
@BOOK{AA,
AUTHOR="Alfred V. Aho and Monica S. Lam and Ravi Sethi and Jeffrey D. Ullman",
TITLE="Compilers: Principles, Techniques, and Tools",
PUBLISHER="Pearson Eudcation, Inc.",
YEAR="2006",
}
@BOOK{CQ,
AUTHOR="Christian Queinnec",
TITLE="Lisp in Small Pieces",
PUBLISHER="Cambridge University Press",
YEAR="2003",
}
@BOOK{MF,
AUTHOR="Michael Fogus",
TITLE="Functional JavaScript",
PUBLISHER="O'Reilly Media",
YEAR="2013",
}
